%% This BibTeX bibliography file was created using BibDesk.
%% http://bibdesk.sourceforge.net/


%% Created for Curtis Rau at 2016-04-09 16:37:00 -0400 


%% Saved with string encoding Unicode (UTF-8) 



@book{morten,
	Author = {Morten Hjorth-Jensen},
	Date-Added = {2016-04-09 20:33:44 +0000},
	Date-Modified = {2016-04-09 20:36:30 +0000},
	Month = {August},
	Publisher = {Department of Physics, University of Oslo},
	Title = {Computational Physics: Lecture Notes Fall 2015},
	Year = {2015}}

@article{taut,
	Author = {M. Taut},
	Date-Added = {2016-04-09 20:29:46 +0000},
	Date-Modified = {2016-04-09 20:33:41 +0000},
	Journal = {Physical Review A},
	Month = {November},
	Number = {5},
	Pages = {3561-3566},
	Title = {Two electrons in an external oscillator potential: Particular analytic solutions of a Coulomb correlation potential},
	Volume = {48},
	Year = {1993}}
